<?xml version="1.0" encoding="UTF-8"?><collection xmlns="http://www.loc.gov/MARC21/slim"><record><leader>00577nam--2200169-i-4500</leader><controlfield tag="001">000035512</controlfield><controlfield tag="002">20161230</controlfield><controlfield tag="005">20161230201040</controlfield><controlfield tag="008">060222s1000------------r-----000-0-eng-d</controlfield><datafield ind1=" " ind2=" " tag="040"><subfield code="a">IFIN-HH</subfield></datafield><datafield ind1=" " ind2=" " tag="080"><subfield code="a">539.172.3:539.2</subfield></datafield><datafield ind1="1" ind2=" " tag="100"><subfield code="a">Nassif, Sister Rosemarie, S.S.N.D</subfield></datafield><datafield ind1="1" ind2="0" tag="245"><subfield code="a">Mossbauer spectroscopic study of the fe(iii) spin states in a heme peptide from fericytochrome</subfield><subfield code="b">Dissertation</subfield><subfield code="c">Sister rosemarie, nassif, s.s.n.d</subfield></datafield><datafield ind1=" " ind2=" " tag="260"><subfield code="a">Ann Arbor, Michingan</subfield><subfield code="b">University Microfilms</subfield><subfield code="c">1970</subfield></datafield><datafield ind1=" " ind2=" " tag="300"><subfield code="a">X + 157P</subfield></datafield><datafield ind1=" " ind2=" " tag="852"><subfield code="a">36086</subfield><subfield code="c">539.163.2</subfield></datafield><datafield ind1=" " ind2=" " tag="CAT"><subfield code="a">Sys</subfield><subfield code="c">20120524</subfield><subfield code="h">111942</subfield></datafield></record></collection>